%% This BibTeX bibliography file was created using BibDesk.
%% http://bibdesk.sourceforge.net/


%% Created for Yunsung Hwang at 2015-03-06 14:35:26 -0600 


%% Saved with string encoding Unicode (UTF-8) 



@article{lak+07,
	Author = {V. Lakshmanan and T. Smith},
	Date-Added = {2013-12-05 20:13:25 +0000},
	Date-Modified = {2013-12-05 20:15:16 +0000},
	Journal = {Wea. Forecasting},
	Pages = {596-612},
	Title = {{The warning decision support system - integrated information}},
	Volume = {22},
	Year = {2007}}

@article{zhu++11,
	Author = {M. Zhu and V. Lakshmanan and P. Zhang and Y. Hong and K. Cheng and S. Chen},
	Date-Added = {2013-12-05 20:11:33 +0000},
	Date-Modified = {2013-12-06 02:25:44 +0000},
	Journal = {J. Atmos. Res.},
	Pages = {408-149},
	Title = {Spatial verification using a true metric},
	Volume = {102},
	Year = {2011}}

@article{lak++03,
	Author = {V. Lakshmanan and R. Rabin and V. DeBrunner},
	Date-Added = {2013-12-05 20:06:16 +0000},
	Date-Modified = {2013-12-05 20:11:29 +0000},
	Journal = {J. Atmos. Res.},
	Pages = {367-380},
	Title = {Multiscale storm identification and forecast},
	Volume = {67-68},
	Year = {2003}}

@conference{weygandt+04,
	Author = {S. S. Weygandt and S. G. Benjamin},
	Booktitle = {11th Conf. on Aviation Range and Aerospace Meteorology},
	Date-Added = {2013-12-05 04:32:15 +0000},
	Date-Modified = {2013-12-05 04:33:10 +0000},
	Title = {{RUC model-based convective probability forecasts}},
	Year = {2004}}

@conference{steiner++08,
	Author = {M. Steiner and C. K. Mueller and G. Davidson and J. Krozel},
	Booktitle = {26th Int. Congress of the Aeronautical Sciences},
	Date-Added = {2013-12-05 04:30:14 +0000},
	Date-Modified = {2013-12-05 04:46:56 +0000},
	Title = {{Integration of probabilistic weather information with air traffic management decision support tools: A conceptual vision for the future}},
	Year = {2008}}

@conference{song++08,
	Author = {L. Song and C. Wanke and D.Greenbaum and S. Zobell and C. Jackson},
	Booktitle = {Proc. 26th Int. Congress of the Aeronautical Sciences},
	Date-Added = {2013-12-05 04:28:46 +0000},
	Date-Modified = {2013-12-05 04:30:07 +0000},
	Title = {Methodologies for estimating the impact of severe weather on airspace capacity},
	Year = {2008}}

@conference{fahey++06,
	Author = {T. H. Fahey and T. Phaneuf and W. S. Leber and M. Huberdeau and D. P. Morin and D. Sims},
	Booktitle = {12th Conf. on Aviation, Range, and Aerospace Meteorology},
	Date-Added = {2013-12-05 04:26:57 +0000},
	Date-Modified = {2013-12-05 04:45:56 +0000},
	Title = {Forecasts of convection for air traffic management strategic decision making: Comparison of user needs and available products},
	Year = {2006}}

@conference{dupree++06,
	Author = {W. J. Dupree and M. Robinson and R. DeLaura and P. Bieringer},
	Booktitle = {12th Conf. on Aviation, Range, and Aerospace Meteorology},
	Date-Added = {2013-12-05 04:22:18 +0000},
	Date-Modified = {2013-12-05 04:32:03 +0000},
	Title = {Echo top forecast generation and evaluation of air traffic flow management needs in the national airspace system},
	Year = {2006}}

@article{sheth++13,
	Author = {K. Sheth and T. Amis and S. Gutierrez-Nolasco and B. Spridhar and D. Mulfinger},
	Date-Added = {2013-12-05 04:15:58 +0000},
	Date-Modified = {2013-12-05 04:22:00 +0000},
	Journal = {Wea. Forecasting},
	Pages = {1175-1187},
	Title = {Development of a probabilistic convective weather forecast threshold parameter for flight-routing decisions},
	Volume = {28},
	Year = {2013}}

@article{Becker+Schmitz2003,
	Author = {E. Becker and G. Schmitz},
	Journal = {J. Atmos. Sci.},
	Pages = {103--118},
	Title = {Climatological effects of orography and land--sea heating contrasts on the gravity wave--driven circulation of the mesosphere},
	Volume = 60,
	Year = {2003}}

@book{wilks11,
	Author = {Wilks, Daniel S},
	Date-Modified = {2013-12-06 03:36:54 +0000},
	Publisher = {Access Online via Elsevier},
	Title = {Statistical methods in the atmospheric sciences},
	Volume = {100},
	Year = {2011}}

@article{dijkstra+59,
	Author = {E. W. Dijkstra, W. Edsger},
	Journal = {Numerische mathematik},
	Number = {1},
	Pages = {269--271},
	Publisher = {Springer},
	Title = {A note on two problems in connexion with graphs},
	Volume = {1},
	Year = {1959}}

@article{mm13++,
	Author = {Mittermaier, Marion and Roberts, Nigel and Thompson, Simon A},
	Journal = {Meteorological Applications},
	Number = {2},
	Pages = {176--186},
	Publisher = {Wiley Online Library},
	Title = {A long-term assessment of precipitation forecast skill using the Fractions Skill Score},
	Volume = {20},
	Year = {2013}}

@article{lak++13,
	Author = {Lakshmanan, Valliappa and Hondl, Kurt and Potvin, Corey K and Preignitz, David},
	Journal = {Weather and Forecasting},
	Number = {2},
	Pages = {481--488},
	Title = {An Improved Method for Estimating Radar Echo-Top Height},
	Volume = {28},
	Year = {2013}}

@article{roberts+08,
	Author = {Roberts, Nigel M and Lean, Humphrey W},
	Journal = {Monthly Weather Review},
	Number = {1},
	Pages = {78--97},
	Title = {Scale-selective verification of rainfall accumulations from high-resolution forecasts of convective events},
	Volume = {136},
	Year = {2008}}

@article{clark++10,
	Author = {Clark, Adam J and Gallus Jr, William A and Weisman, Morris L},
	Journal = {Weather and Forecasting},
	Number = {5},
	Pages = {1495--1509},
	Title = {Neighborhood-based verification of precipitation forecasts from convection-allowing NCAR WRF model simulations and the operational NAM},
	Volume = {25},
	Year = {2010}}

@conference{grund++06,
	Author = {Grundland, Mark and Vohra, Rahul and Williams, Gareth P and Dodgson, Neil A},
	Booktitle = {EUROGRAPHICS Annual Conference},
	Date-Added = {2013-12-05 04:26:57 +0000},
	Date-Modified = {2013-12-05 04:45:56 +0000},
	Pages = {577--586},
	Title = {Cross dissolve without cross fade: Preserving contrast, color and salience in image compositing},
	Year = {2006}}

@inproceedings{mat+10,
	Author = {Matthews, Michael and DeLaura, Rich},
	Booktitle = {10th AIAA Aviation Technology, Integration, and Operations (ATIO) Conference, Fort Worth, TX},
	Title = {Assessment and interpretation of en route weather avoidance fields from the Convective Weather Avoidance Model},
	Year = {2010}}

@article{lak++09,
	Author = {Lakshmanan, Valliappa and Hondl, Kurt and Rabin, Robert},
	Journal = {Journal of Atmospheric and Oceanic Technology},
	Number = {3},
	Pages = {523--537},
	Title = {An efficient, general-purpose technique for identifying storm cells in geospatial images},
	Volume = {26},
	Year = {2009}}

@article{lak++06,
	Author = {Lakshmanan, Valliappa and Smith, Travis and Hondl, Kurt and Stumpf, Gregory J and Witt, Arthur},
	Journal = {Weather and Forecasting},
	Number = {5},
	Pages = {802--823},
	Title = {A real-time, three-dimensional, rapidly updating, heterogeneous radar merger technique for reflectivity, velocity, and derived products},
	Volume = {21},
	Year = {2006}}

@article{clark++12,
	Author = {Clark, Adam J and Weiss, Steven J and Kain, John S and Jirak, Israel L and Coniglio, Michael and Melick, Christopher J and Siewert, Christopher and Sobash, Ryan A and Marsh, Patrick T and Dean, Andrew R and others},
	Journal = {Bulletin of the American Meteorological Society},
	Number = {1},
	Pages = {55--74},
	Publisher = {American Meteorological Society},
	Title = {An overview of the 2010 hazardous weather testbed experimental forecast program spring experiment},
	Volume = {93},
	Year = {2012}}

@inproceedings{brown++11,
	Author = {Brown, John M and T. G. Smirnova and J. B. Olson and G. A. Grell and D. C. Dowell and S. Benjamin and C. R. Alexander and E. P. James and S. S. Weygandt and M. Hu and P. Hofmann and H. Lin},
	Booktitle = {15th Conference on Aviation, Range, and Aerospace Meteorology},
	Date-Modified = {2015-03-06 20:27:30 +0000},
	Title = {Improvement and testing of {WRF} physics options for application to {Rapid Refresh and High Resolution Rapid Refresh}},
	Year = {2011}}

@inproceedings{wey++11,
	Author = {Weygandt, Stephen S and M. Hu and T. G. Smirnova and C. R. Alexander and S. G. Benjamin and G. S. Manikin and J. M. Brown and H. Lin and J. B. Olson and P. Hofmann},
	Booktitle = {15th Conference on Aviation, Range, and Aerospace Meteorology},
	Date-Modified = {2015-03-06 20:35:09 +0000},
	Title = {Evaluation of the {National Centers for Environmental Prediction (NCEP) implementation version of the Rapid Refresh} and its skill in providing short-term guidance for aviation hazards},
	Year = {2011}}

@article{ben++04a,
	Author = {Benjamin, Stanley G and D{\'e}v{\'e}nyi, Dezs{\"o} and Weygandt, Stephen S and Brundage, Kevin J and Brown, John M and Grell, Georg A and Kim, Dongsoo and Schwartz, Barry E and Smirnova, Tatiana G and Smith, Tracy Lorraine and others},
	Journal = {Monthly Weather Review},
	Number = {2},
	Pages = {495--518},
	Title = {An hourly assimilation-forecast cycle: The RUC},
	Volume = {132},
	Year = {2004}}

@article{ben++04b,
	Author = {Benjamin, Stanley G and Grell, Georg A and Brown, John M and Smirnova, Tatiana G and Bleck, Rainer},
	Journal = {Monthly Weather Review},
	Number = {2},
	Pages = {473--494},
	Title = {Mesoscale weather prediction with the RUC hybrid isentropic-terrain-following coordinate model},
	Volume = {132},
	Year = {2004}}

@article{huang+93,
	Author = {Huang, Xiang-Yu and Lynch, Peter},
	Date-Modified = {2015-03-06 20:29:41 +0000},
	Journal = {Monthly weather review},
	Number = {2},
	Pages = {589--603},
	Title = {Diabatic digital-filtering initialization: Application to the {HIRLAM} model},
	Volume = {121},
	Year = {1993}}

@techreport{skam++08,
	Author = {Skamarock, WC and Klemp, JB and Dudhia, J and Gill, DO and Barker, DM},
	Date-Modified = {2015-03-06 20:34:03 +0000},
	Institution = {{NCAR Technical Note: NCAR/TN-475+ STR}},
	Title = {A Description of the {Advanced Research WRF Version 3}},
	Year = {2008}}

@article{janjic02,
	Author = {Janji{\'c}, Zavi{\v{s}}a I},
	Journal = {NCEP office note},
	Pages = {61},
	Title = {Nonsingular implementation of the Mellor--Yamada level 2.5 scheme in the NCEP Meso model},
	Volume = {437},
	Year = {2002}}

@article{thompson++08,
	Author = {Thompson, Gregory and Field, Paul R and Rasmussen, Roy M and Hall, William D},
	Journal = {Monthly Weather Review},
	Number = {12},
	Pages = {5095--5115},
	Title = {{Explicit forecasts of winter precipitation using an improved bulk microphysics scheme. Part II: Implementation of a new snow parameterization}},
	Volume = {136},
	Year = {2008}}

@inproceedings{smirnova++97,
	Author = {Smirnova, TG and Brown, JM and Benjamin, SG},
	Booktitle = {Preprints, 13th Conf. on Hydrology, Long Beach, CA, Amer. Meteor. Soc},
	Date-Modified = {2015-03-06 20:34:19 +0000},
	Pages = {172--175},
	Title = {Evolution of soil moisture and temperature in the {MAPS/RUC} assimilation cycle},
	Year = {1997}}

@article{mlawer++97,
	Author = {Mlawer, Eli J and Taubman, Steven J and Brown, Patrick D and Iacono, Michael J and Clough, Shepard A},
	Date-Modified = {2015-03-06 20:30:08 +0000},
	Journal = {Journal of Geophysical Research: Atmospheres (1984--2012)},
	Number = {D14},
	Pages = {16663--16682},
	Publisher = {Wiley Online Library},
	Title = {Radiative transfer for inhomogeneous atmospheres: {RRTM}, a validated correlated-k model for the longwave},
	Volume = {102},
	Year = {1997}}

@article{chou94,
	Author = {Chou, Ming-Dah and Suarez, Max J},
	Journal = {NASA Tech. Memo},
	Number = {3},
	Pages = {85},
	Publisher = {Citeseer},
	Title = {An efficient thermal infrared radiation parameterization for use in general circulation models},
	Volume = {104606},
	Year = {1994}}

@article{ikeda++13,
	Author = {Ikeda, Kyoko and Steiner, Matthias and Pinto, James and Alexander, Curtis},
	Journal = {Weather and Forecasting},
	Number = {4},
	Pages = {921--939},
	Title = {Evaluation of Cold-Season Precipitation Forecasts Generated by the Hourly Updating High-Resolution Rapid Refresh Model},
	Volume = {28},
	Year = {2013}}

@article{hamill99,
	Author = {Hamill, Thomas M},
	Journal = {Weather and Forecasting},
	Number = {2},
	Pages = {155--167},
	Title = {Hypothesis tests for evaluating numerical precipitation forecasts},
	Volume = {14},
	Year = {1999}}

@article{manda++12,
	Author = {Mandapaka, Pradeep V and Germann, Urs and Panziera, Luca and Hering, Alessandro},
	Journal = {Weather and Forecasting},
	Number = {1},
	Pages = {28--49},
	Title = {Can Lagrangian extrapolation of radar fields be used for precipitation nowcasting over complex Alpine orography?},
	Volume = {27},
	Year = {2012}}

@article{li95,
	Author = {Li, L and Schmid, W and Joss, J},
	Journal = {Journal of applied meteorology},
	Number = {6},
	Pages = {1286--1300},
	Title = {Nowcasting of motion and growth of precipitation with radar over a complex orography},
	Volume = {34},
	Year = {1995}}

@article{rinehart78,
	Author = {Rinehart, RE and Garvey, ET},
	Journal = {Nature},
	Pages = {287--289},
	Title = {Three-dimensional storm motion detection by conventional weather radar},
	Volume = {273},
	Year = {1978}}

@article{sasaki58,
	Author = {Sasaki, Yoshikazu},
	Journal = {J. Meteor. Soc. Japan},
	Number = {3},
	Pages = {77--88},
	Title = {An objective analysis based on the variational method},
	Volume = {36},
	Year = {1958}}

@article{sasaki70,
	Author = {Sasaki, Yoshikazu},
	Journal = {Monthly Weather Review},
	Number = {12},
	Pages = {875--883},
	Title = {Some basic formalisms in numerical variational analysis},
	Volume = {98},
	Year = {1970}}

@article{dixon93,
	Author = {Dixon, Michael and Wiener, Gerry},
	Date-Modified = {2015-03-06 20:28:27 +0000},
	Journal = {Journal of Atmospheric and Oceanic Technology},
	Number = {6},
	Pages = {785--797},
	Title = {{TITAN: Thunderstorm Identification, Tracking, Analysis, and Nowcasting-A radar-based methodology}},
	Volume = {10},
	Year = {1993}}

@article{germann02,
	Author = {Germann, Urs and Zawadzki, Isztar},
	Date-Modified = {2015-03-06 20:29:00 +0000},
	Journal = {Monthly Weather Review},
	Number = {12},
	Pages = {2859--2873},
	Title = {Scale-dependence of the predictability of precipitation from continental radar images. {Part I}: Description of the methodology},
	Volume = {130},
	Year = {2002}}

@article{germann04,
	Author = {Germann, Urs and Zawadzki, Isztar},
	Date-Modified = {2015-03-06 20:29:17 +0000},
	Journal = {Journal of Applied Meteorology},
	Number = {1},
	Pages = {74--89},
	Title = {Scale dependence of the predictability of precipitation from continental radar images. {Part II}: Probability forecasts},
	Volume = {43},
	Year = {2004}}

@article{lin++05,
	Author = {Lin, Charles and Vasi{\'c}, Slavko and Kilambi, Alamelu and Turner, Barry and Zawadzki, Isztar},
	Journal = {Geophysical research letters},
	Number = {14},
	Publisher = {Wiley Online Library},
	Title = {Precipitation forecast skill of numerical weather prediction models and radar nowcasts},
	Volume = {32},
	Year = {2005}}

@article{panziera+10,
	Author = {Panziera, L and Germann, U},
	Journal = {Quarterly Journal of the Royal Meteorological Society},
	Number = {646},
	Pages = {222--238},
	Publisher = {Wiley Online Library},
	Title = {The relation between airflow and orographic precipitation on the southern side of the Alps as revealed by weather radar},
	Volume = {136},
	Year = {2010}}

@article{wilson++04,
	Author = {Wilson, James W and Ebert, Elizabeth E and Saxen, Thomas R and Roberts, Rita D and Mueller, Cynthia K and Sleigh, Michael and Pierce, Clive E and Seed, Alan},
	Journal = {Weather and forecasting},
	Number = {1},
	Pages = {131--150},
	Title = {Sydney 2000 forecast demonstration project: convective storm nowcasting},
	Volume = {19},
	Year = {2004}}

@article{jenkner08,
	Author = {Jenkner, Johannes and Frei, Christoph and Schwierz, Cornelia},
	Journal = {Meteorologische Zeitschrift},
	Number = {6},
	Pages = {827--848},
	Publisher = {E. Schweizerbart'sche Verlagsbuchhandlung},
	Title = {Quantile-based short-range QPF evaluation over Switzerland},
	Volume = {17},
	Year = {2008}}

@article{clark11,
	Author = {Clark, Adam J and Kain, John S and Stensrud, David J and Xue, Ming and Kong, Fanyou and Coniglio, Michael C and Thomas, Kevin W and Wang, Yunheng and Brewster, Keith and Gao, Jidong and others},
	Journal = {Monthly Weather Review},
	Number = {5},
	Pages = {1410--1418},
	Title = {Probabilistic precipitation forecast skill as a function of ensemble size and spatial scale in a convection-allowing ensemble},
	Volume = {139},
	Year = {2011}}

@article{lak+09,
	Author = {Lakshmanan, Valliappa and Smith, Travis},
	Journal = {Journal of Atmospheric and Oceanic Technology},
	Number = {11},
	Pages = {2353--2365},
	Title = {Data mining storm attributes from spatial grids},
	Volume = {26},
	Year = {2009}}

@inproceedings{pinto++10,
	Author = {Pinto, J and Dupree, W and Weygandt, S and Wolfson, M and Benjamin, S and Steiner, M},
	Booktitle = {14th Conference on Aviation, Range and Aerospace Meteorology},
	Date-Modified = {2015-03-06 20:31:57 +0000},
	Title = {ADVANCES IN THE {Consolidated Storm Prediction for Aviation (CoSPA)}},
	Year = {2010}}

@inproceedings{robinson08,
	Author = {Robinson, Michael and Moser, William and Evans, J},
	Booktitle = {13th Conference on Aviation, Range, and Aerospace Meteorology},
	Title = {Measuring the Utilization of Available Aviation System Capacity in Convective Weather},
	Year = {2008}}

@inproceedings{wolfson08,
	Author = {Wolfson, Marilyn M and Dupree, William J and Rasmussen, Roy M and Steiner, Matthias and Benjamin, Stanley G and Weygandt, Steven S},
	Booktitle = {Integrated Communications, Navigation and Surveillance Conference, 2008. ICNS 2008},
	Date-Modified = {2015-03-06 20:35:24 +0000},
	Organization = {IEEE},
	Pages = {1--19},
	Title = {{Consolidated storm prediction for aviation (CoSPA)}},
	Year = {2008}}

@inproceedings{dupree09,
	Author = {Dupree, W and Pinto, J and Wolfson, M and Benjamin, S and Weygandt, S and Steiner, M and Williams, JK and Morse, D and Tao, X and Ahijevych, D and others},
	Booktitle = {WMO Symposium on Nowcasting},
	Title = {The Advanced Storm Prediction for Aviation Forecast Demonstration},
	Year = {2009}}

@article{guzhva14,
	Author = {Guzhva, Vitaly S and Abdelghany, Ahmed and Lipps, Tom},
	Journal = {Journal of Air Transport Management},
	Pages = {108--116},
	Publisher = {Elsevier},
	Title = {Experimental approach to NextGen benefits estimation: A case of single-airline Aircraft Arrival Management System},
	Volume = {35},
	Year = {2014}}

@article{nakanishi04,
	Author = {Nakanishi, Mikio and Niino, Hiroshi},
	Date-Modified = {2015-03-06 20:30:47 +0000},
	Journal = {Boundary-layer meteorology},
	Number = {1},
	Pages = {1--31},
	Publisher = {Springer},
	Title = {An improved {Mellor-Yamada level-3} model with condensation physics: Its design and verification},
	Volume = {112},
	Year = {2004}}

@article{stratman2013,
  title={Use of multiple verification methods to evaluate forecasts of convection from hot-and cold-start convection-allowing models},
  author={Stratman, Derek R and Coniglio, Michael C and Koch, Steven E and Xue, Ming},
  journal={Weather and Forecasting},
  volume={28},
  number={1},
  pages={119--138},
  year={2013}
}

@article{lak09eff,
	Author = {Lakshmanan, Valliappa and Hondl, Kurt and Rabin, Robert},
	Journal = {Journal of Atmospheric and Oceanic Technology},
	Number = {3},
	Pages = {523--537},
	Title = {An efficient, general-purpose technique for identifying storm cells in geospatial images},
	Volume = {26},
	Year = {2009}}

@article{lak10object,
	Author = {Lakshmanan, Valliappa and Smith, Travis},
	Journal = {Weather and Forecasting},
	Number = {2},
	Pages = {701--709},
	Title = {An objective method of evaluating and devising storm-tracking algorithms},
	Volume = {25},
	Year = {2010}}

@article{sun14,
	Author = {Sun, Juanzhen and Xue, Ming and Wilson, James W and Zawadzki, Isztar and Ballard, Sue P and Onvlee-Hooimeyer, Jeanette and Joe, Paul and Barker, Dale M and Li, Ping-Wah and Golding, Brian and others},
	Date-Modified = {2015-03-06 20:34:28 +0000},
	Journal = {Bulletin of the American Meteorological Society},
	Number = {3},
	Pages = {409--426},
	Publisher = {American Meteorological Society},
	Title = {Use of {NWP} for nowcasting convective precipitation: Recent progress and challenges},
	Volume = {95},
	Year = {2014}}
	
@article{maple1method,
  title={Scale-dependence of the predictability of precipitation from continental radar images. Part I: Description of the methodology},
  author={Germann, Urs and Zawadzki, Isztar},
  journal={Monthly Weather Review},
  volume={130},
  number={12},
  pages={2859--2873},
  year={2002}
}

@article{maple2probfcst,
  title={Scale dependence of the predictability of precipitation from continental radar images. Part II: Probability forecasts},
  author={Germann, Urs and Zawadzki, Isztar},
  journal={Journal of Applied Meteorology},
  volume={43},
  number={1},
  pages={74--89},
  year={2004}
}

@article{maple3opr,
  title={Predictability of precipitation from continental radar images. Part III: Operational nowcasting implementation (MAPLE)},
  author={Turner, BJ and Zawadzki, I and Germann, U},
  journal={Journal of Applied Meteorology},
  volume={43},
  number={2},
  pages={231--248},
  year={2004}
}
@article{maple4limit,
  title={Predictability of precipitation from continental radar images. Part IV: Limits to prediction},
  author={Germann, Urs and Zawadzki, Isztar and Turner, Barry},
  journal={Journal of the atmospheric sciences},
  volume={63},
  number={8},
  pages={2092--2108},
  year={2006}
}
@article{maple5growthdecay,
  title={Predictability of precipitation from continental radar images. Part V: Growth and decay},
  author={Radhakrishna, Basivi and Zawadzki, Isztar and Fabry, Fr{\'e}d{\'e}ric},
  journal={Journal of the Atmospheric Sciences},
  volume={69},
  number={11},
  pages={3336--3349},
  year={2012}
}

@article{timelagNWP,
  title={Short-range numerical weather prediction using time-lagged ensembles},
  author={Lu, Chungu and Yuan, Huiling and Schwartz, Barry E and Benjamin, Stanley G},
  journal={Weather and Forecasting},
  volume={22},
  number={3},
  pages={580--595},
  year={2007}
}
